@article{GaugedBaby,
  title={Gauged multisoliton baby Skyrme model},
  author={Samoilenka, A. and Shnir, Ya.},
  journal={Physical Review D},
  volume={93},
  issue={6},
  pages={065018},
  year={2016},
  publisher={APS},
  url = {arXiv:1512.06280}
}

@article{GaugedBabyCS,
  title = {Gauged baby Skyrme model with a Chern-Simons term},
  author = {Samoilenka, A. and Shnir, Ya.},
  journal = {Physical Review D},
  volume = {95},
  issue = {4},
  pages = {045002},
  numpages = {14},
  year = {2017},
  month = {Feb},
  publisher = {American Physical Society},
  doi = {10.1103/PhysRevD.95.045002},
  url = {arXiv:1610.01300}
}

@article{FractionalHopf,
  title={Fractional Hopfions in the Faddeev-Skyrme model with a symmetry breaking potential},
  author={Samoilenka, A. and Shnir, Ya.},
  journal={Journal of High Energy Physics},
  volume={2017},
  issue={9},
  pages={29},
  year={2017},
  publisher={Springer},
  url = {arXiv:1707.06608}
}

@article{SkyrmeFamily,
  title={Multisoliton solutions of models of the Skyrme family},
  author={Samoilenka, A.},
  journal={Conference materials, Collection of works of the 74th scientific conference of students and post-graduate students of the BSU},
  year={2017}
}

@article{GaugedMerons,
  title = {Gauged merons},
  author = {Samoilenka, A. and Shnir, Ya.},
  journal = {Phys. Rev. D},
  volume = {97},
  issue = {4},
  pages = {045004},
  numpages = {7},
  year = {2018},
  month = {Feb},
  publisher = {American Physical Society},
  doi = {10.1103/PhysRevD.97.045004},
  url = {https://link.aps.org/doi/10.1103/PhysRevD.97.045004}
}